<?xml version="1.0" encoding="UTF-8"?><collection xmlns="http://www.loc.gov/MARC21/slim"><record><leader>00681nam--2200181-u-4500</leader><controlfield tag="001">000054177</controlfield><controlfield tag="002">20161230</controlfield><controlfield tag="005">20161230201051</controlfield><controlfield tag="008">110915s1000------------r-----000-0-eng-d</controlfield><datafield ind1=" " ind2=" " tag="020"><subfield code="a">3540085033</subfield></datafield><datafield ind1=" " ind2=" " tag="040"><subfield code="a">IFIN-HH</subfield></datafield><datafield ind1=" " ind2=" " tag="080"><subfield code="a">537.533.35</subfield></datafield><datafield ind1="1" ind2=" " tag="100"><subfield code="a">Koehler, J.K</subfield></datafield><datafield ind1="1" ind2="0" tag="245"><subfield code="a">Advanced techniques in biological electron microscopy ii</subfield><subfield code="b">Specific ultrastructural probes with contributions by s.s. brown, r.w. davis, p. echlin, j. ferguson, s.w. hui, j.k. koehler, j.a. lake, g.l. nicolson, d.f. parsons, w.d. perkins, j.-p. revel</subfield><subfield code="c">J.k. koehler (ed.)</subfield></datafield><datafield ind1=" " ind2=" " tag="260"><subfield code="a">Berlin</subfield><subfield code="b">Springer-verlag</subfield><subfield code="c">1978</subfield></datafield><datafield ind1=" " ind2=" " tag="300"><subfield code="a">244P</subfield></datafield><datafield ind1=" " ind2=" " tag="852"><subfield code="a">77530</subfield><subfield code="c">537.533.35</subfield></datafield><datafield ind1=" " ind2=" " tag="CAT"><subfield code="a">Sys</subfield><subfield code="c">20110915</subfield><subfield code="h">112620</subfield></datafield></record></collection>